<?xml version="1.0" encoding="UTF-8"?><record xmlns="http://www.loc.gov/MARC21/slim" xmlns:cinclude="http://apache.org/cocoon/include/1.0" xmlns:zs="http://www.loc.gov/zing/srw/">
  <leader>00781cz  a2200169n  4500</leader>
  <controlfield tag="001">n  81104607 </controlfield>
  <controlfield tag="003">DLC</controlfield>
  <controlfield tag="005">20130314080750.0</controlfield>
  <controlfield tag="008">811123n| azannaabn          |b ana      </controlfield>
  <datafield tag="010" ind1=" " ind2=" ">
    <subfield code="a">n  81104607 </subfield>
  </datafield>
  <datafield tag="035" ind1=" " ind2=" ">
    <subfield code="a">(OCoLC)oca00649689</subfield>
  </datafield>
  <datafield tag="040" ind1=" " ind2=" ">
    <subfield code="a">DLC</subfield>
    <subfield code="b">eng</subfield>
    <subfield code="e">rda</subfield>
    <subfield code="c">DLC</subfield>
    <subfield code="d">OCoLC</subfield>
    <subfield code="d">DLC</subfield>
  </datafield>
  <datafield tag="110" ind1="1" ind2=" ">
    <subfield code="a">Saskatchewan.</subfield>
    <subfield code="b">Department of Tourism and Renewable Resources.</subfield>
    <subfield code="b">Research, Planning and Policy Branch</subfield>
  </datafield>
  <datafield tag="410" ind1="1" ind2=" ">
    <subfield code="w">nnea</subfield>
    <subfield code="a">Saskatchewan.</subfield>
    <subfield code="b">Dept. of Tourism and Renewable Resources.</subfield>
    <subfield code="b">Research, Planning and Policy Branch</subfield>
  </datafield>
  <datafield tag="510" ind1="1" ind2=" ">
    <subfield code="w">r</subfield>
    <subfield code="i">Hierarchical superior:</subfield>
    <subfield code="a">Saskatchewan.</subfield>
    <subfield code="b">Department of Tourism and Renewable Resources</subfield>
  </datafield>
  <datafield tag="670" ind1=" " ind2=" ">
    <subfield code="a">Its Research report - Research ...</subfield>
  </datafield>
  <datafield tag="670" ind1=" " ind2=" ">
    <subfield code="a">NLC, 3/20/81</subfield>
    <subfield code="b">(AACR 2: Saskatchewan. Dept. of Tourism and Renewable Resources. Research, Planning and Policy Branch)</subfield>
  </datafield>
</record>